@book{Tu_Diff_forms_in_AT,
   author = {Bott, R. and Tu, L. W.},
   title = {Differential Forms in Algebraic Topology},
   publisher = {Springer},
   volume = {82},
   series = {Graduate Texts in Mathematics},
   ISBN = {9781475739510},
   url = {https://books.google.com.hk/books?id=COuPBAAAQBAJ},
   year = {1982},
   type = {Book}
}

@book{Bredon_Compact_trans_gps,
   author = {Bredon, Glen E.},
   title = {Introduction to Compact Transformation Groups},
   publisher = {Academic Press},
   address = {New York and London},
   volume = {46},
   series = {Pure and Applied Mathematics},
   ISBN = {9780080873596},
   url = {https://books.google.com.hk/books?id=qXEl\_AIeSBUC},
   year = {1972},
   type = {Book}
}

@book{Dieck_AT,
   author = {Dieck, Tammo tom},
   title = {Algebraic Topology},
   publisher = {European Mathematical Society},
   series = {EMS Textbooks in Mathematics},
   year = {2008},
   type = {Book}
}

@book{Otto_Forster_Riem_surfaces,
   author = {Gilligan, Bruce and Forster, Otto},
   title = {Lectures on Riemann Surfaces},
   publisher = {Springer New York},
   series = {Graduate Texts in Mathematics},
   ISBN = {9781461259619},
   url = {https://books.google.co.jp/books?id=6wvpBwAAQBAJ},
   year = {1981},
   type = {Book}
}

@book{Hatcher_AT,
   author = {Hatcher, Allen},
   title = {Algebraic Topology},
   publisher = {Cambridge University Press},
   year = {2002},
   type = {Book}
}

@book{Lee_Smooth,
   author = {Lee, John M.},
   title = {Introduction to Smooth Manifolds},
   publisher = {Springer, New York, NY},
   volume = {218},
   edition = {2},
   series = {Graduate Texts in Mathematics},
   year = {2013},
   type = {Book}
}

@book{Lee_Riemannian,
   author = {Lee, John M.},
   title = {Introduction to Riemannian Manifolds},
   publisher = {Springer International Publishing},
   volume = {176},
   edition = {2},
   series = {Graduate Texts in Mathematics},
   year = {2018},
   type = {Book}
}

@book{Massey_AT,
   author = {Massey, William S.},
   title = {A Basic Course in Algebraic Topology},
   publisher = {Springer, New York, NY},
   volume = {127},
   series = {Graduate Texts in Mathematics},
   year = {1991},
   type = {Book}
}

@book{May_Concise_AT,
   author = {May, J. P.},
   title = {A Concise Course in Algebraic Topology},
   publisher = {University of Chicago Press},
   series = {Chicago Lectures in Mathematics},
   year = {1999},
   type = {Book}
}

@book{Milnor_Morse,
   author = {Milnor, J.},
   title = {Morse Theory},
   publisher = {Princeton University Press},
   address = {Princeton, New Jersey},
   ISBN = {9780691080086},
   url = {https://books.google.com.hk/books?id=A9QZZ3S\_QxwC},
   year = {1963},
   type = {Book}
}

@book{Munkres_Diff_topology,
   author = {Munkres, James R.},
   title = {Elementary Differential Topology},
   publisher = {Princeton University Press},
   address = {Princeton, New Jersey},
   volume = {54},
   edition = {Revised},
   series = {Annals of Mathematics Studies},
   year = {1966},
   type = {Book}
}

@book{Book_Muban,
   author = {Xing, Ming},
   title = {Title},
   publisher = {publisher},
   address = {place published},
   volume = {volume},
   edition = {edition},
   series = {series title},
   pages = {number of pages},
   ISBN = {isbn},
   DOI = {doi},
   year = {year},
   type = {Book}
}

@book{Jiangbj_Tongdiaolun,
   author = {姜伯驹},
   title = {同调论},
   publisher = {北京大学出版社},
   address = {北京大学},
   year = {2006},
   type = {Book}
}

@book{Youcy_Jichutuopu,
   author = {尤承业},
   title = {基础拓扑学讲义},
   publisher = {北京大学出版社},
   address = {北京大学},
   year = {1997},
   type = {Book}
}

@article{Whitehead1940,
   doi       = {10.2307/1968861},
   title     = {On $C^1$-Complexes},
   author    = {J. H. C. Whitehead},
   publisher = {John Hopkins University Press},
   journal   = {Annals of Mathematics},
   issn      = {0003-486X},
   year      = {1940},
   volume    = {41},
   issue     = {4},
   pages     = {809--824},
   url       = {http://doi.org/10.2307/1968861}
}

@article{illman1983_Compact_Lie,
   title={The equivariant triangulation theorem for actions of compact Lie groups},
   author={Illman, S.},
   journal={Mathematische Annalen},
   volume={262},
   number={4},
   pages={487--501},
   year={1983},
   publisher={Springer}
}

@article{illman1978_Finite_gp,
   title={Smooth equivariant triangulations of $G$-manifolds for $G$ a finite group},
   author={Illman, S.},
   journal={Mathematische Annalen},
   volume={233},
   number={3},
   pages={199--220},
   year={1978},
   publisher={Springer}
}

@article{matumoto1971_on_G_CW_complexes,
   title={On $G$-CW complexes and a theorem of J. H. C. Whitehead},
   author={Matumoto, T.},
   journal={J. Fac. Sci. Univ. Tokyo Sect. IA},
   volume={18},
   pages={363--374},
   year={1971}
}

@article{milnor1959_homotopy_type_CW,
   title={On spaces having the homotopy type of a CW-complex},
   author={Milnor, J.},
   journal={Transactions of the American Mathematical Society},
   volume={90},
   number={2},
   pages={272--280},
   year={1959},
   publisher={JSTOR}
}

@article{hanner1951_ANR,
   title={Some theorems on absolute neighborhood retracts},
   author={Hanner, O.},
   journal={Arkiv f{\"o}r Matematik},
   volume={1},
   number={5},
   pages={389--408},
   year={1951},
   publisher={Springer}
}

@book{do_Carmo_Riem_geo,
   author = {do Carmo, M. P.},
   title = {Riemannian Geometry},
   publisher = {Birkh{\"a}user},
   year = {1992},
   type = {Book}
}

@book{Humphreys_Lie_alg,
   author = {Humphreys, James. E.},
   title = {Introduction to Lie Algebras and Representation Theory},
   volume = {9},
   publisher = {Springer},
   series = {Graduate Texts in Mathematics},
   year = {1972},
   type = {Book}
}

@book{Intro_to_Lie_alg,
   author = {Erdmann, Karin and Wildon, Mark J.},
   title = {Introduction to Lie Algebras},
   publisher = {Springer},
   series = {Springer Undergraduate Mathematics Series},
   year = {2006},
   type = {Book}
}